@inproceedings{D16,
	author    = {Sanjoy Dasgupta},
	title     = {A cost function for similarity-based hierarchical clustering},
	booktitle = {Proceedings of the 48th Annual {ACM} {SIGACT} Symposium on Theory
	of Computing, {STOC} 2016, Cambridge, MA, USA, June 18-21, 2016},
	pages     = {118--127},
	year      = {2016},
	crossref  = {DBLP:conf/stoc/2016},
	url       = {http://doi.acm.org/10.1145/2897518.2897527},
	doi       = {10.1145/2897518.2897527},
	timestamp = {Fri, 10 Jun 2016 10:47:01 +0200},
	biburl    = {https://dblp.org/rec/bib/conf/stoc/Dasgupta16},
	bibsource = {dblp computer science bibliography, https://dblp.org}
}

@inproceedings{CC17,
  author    = {Moses Charikar and
               Vaggos Chatziafratis},
  title     = {Approximate Hierarchical Clustering via Sparsest Cut and Spreading
               Metrics},
  booktitle = {Proceedings of the Twenty-Eighth Annual {ACM-SIAM} Symposium on Discrete
               Algorithms, {SODA} 2017, Barcelona, Spain, Hotel Porta Fira, January
               16-19},
  pages     = {841--854},
  year      = {2017},
  crossref  = {DBLP:conf/soda/2017},
  url       = {https://doi.org/10.1137/1.9781611974782.53},
  doi       = {10.1137/1.9781611974782.53},
  timestamp = {Wed, 24 May 2017 08:31:21 +0200},
  biburl    = {https://dblp.org/rec/bib/conf/soda/CharikarC17},
  bibsource = {dblp computer science bibliography, https://dblp.org}
}